%YAML 1.1
%TAG !u! tag:unity3d.com,2011:
--- !u!1 &4367844376495364382
GameObject:
  m_ObjectHideFlags: 0
  m_CorrespondingSourceObject: {fileID: 0}
  m_PrefabInstance: {fileID: 0}
  m_PrefabAsset: {fileID: 0}
  serializedVersion: 6
  m_Component:
  - component: {fileID: 4367844376495364383}
  - component: {fileID: 4600964318196740784}
  - component: {fileID: 2861553068572453076}
  m_Layer: 0
  m_Name: Bonus
  m_TagString: Bonus
  m_Icon: {fileID: 0}
  m_NavMeshLayer: 0
  m_StaticEditorFlags: 0
  m_IsActive: 1
--- !u!4 &4367844376495364383
Transform:
  m_ObjectHideFlags: 0
  m_CorrespondingSourceObject: {fileID: 0}
  m_PrefabInstance: {fileID: 0}
  m_PrefabAsset: {fileID: 0}
  m_GameObject: {fileID: 4367844376495364382}
  m_LocalRotation: {x: 0, y: 0, z: 0, w: 1}
  m_LocalPosition: {x: 0, y: 0, z: 14.5}
  m_LocalScale: {x: 1, y: 1, z: 1}
  m_Children:
  - {fileID: 6937502438773196642}
  - {fileID: 4367844376913903911}
  - {fileID: 4367844377547646989}
  m_Father: {fileID: 0}
  m_RootOrder: 0
  m_LocalEulerAnglesHint: {x: 0, y: 0, z: 0}
--- !u!114 &4600964318196740784
MonoBehaviour:
  m_ObjectHideFlags: 0
  m_CorrespondingSourceObject: {fileID: 0}
  m_PrefabInstance: {fileID: 0}
  m_PrefabAsset: {fileID: 0}
  m_GameObject: {fileID: 4367844376495364382}
  m_Enabled: 1
  m_EditorHideFlags: 0
  m_Script: {fileID: 11500000, guid: 19e22691bf209ba4a8a4b233711b91bf, type: 3}
  m_Name: 
  m_EditorClassIdentifier: 
  heads:
  - {fileID: 4367936595809270467}
  - {fileID: 2332204755026745015}
  - {fileID: 2204231128015355864}
  - {fileID: 3640241362957121144}
  - {fileID: 5196553861037550479}
  - {fileID: 7896386727051792313}
  - {fileID: 6227690834749938114}
  - {fileID: 1208582421732451485}
  - {fileID: 2547994952653606934}
  - {fileID: 8843814055313393711}
  - {fileID: 7733687289945045684}
  - {fileID: 537917915254735767}
  - {fileID: 7525283019475206780}
  - {fileID: 4656634591642049278}
  - {fileID: 5209426724048296688}
  - {fileID: 1263155889164867679}
  - {fileID: 2872350707252601176}
  - {fileID: 64828379735623005}
  - {fileID: 9080210905870267160}
  - {fileID: 6499849285271132705}
  - {fileID: 8480223145655621214}
  - {fileID: 2203770118851609690}
--- !u!65 &2861553068572453076
BoxCollider:
  m_ObjectHideFlags: 0
  m_CorrespondingSourceObject: {fileID: 0}
  m_PrefabInstance: {fileID: 0}
  m_PrefabAsset: {fileID: 0}
  m_GameObject: {fileID: 4367844376495364382}
  m_Material: {fileID: 0}
  m_IsTrigger: 0
  m_Enabled: 1
  serializedVersion: 2
  m_Size: {x: 5, y: 10, z: 5}
  m_Center: {x: 0, y: 1.5, z: -14.5}
--- !u!1 &4367844376913903910
GameObject:
  m_ObjectHideFlags: 0
  m_CorrespondingSourceObject: {fileID: 0}
  m_PrefabInstance: {fileID: 0}
  m_PrefabAsset: {fileID: 0}
  serializedVersion: 6
  m_Component:
  - component: {fileID: 4367844376913903911}
  - component: {fileID: 4367844376913903906}
  - component: {fileID: 4367844376913903905}
  m_Layer: 0
  m_Name: Cylinder
  m_TagString: Untagged
  m_Icon: {fileID: 0}
  m_NavMeshLayer: 0
  m_StaticEditorFlags: 0
  m_IsActive: 1
--- !u!4 &4367844376913903911
Transform:
  m_ObjectHideFlags: 0
  m_CorrespondingSourceObject: {fileID: 0}
  m_PrefabInstance: {fileID: 0}
  m_PrefabAsset: {fileID: 0}
  m_GameObject: {fileID: 4367844376913903910}
  m_LocalRotation: {x: 0.7071068, y: 0, z: 0, w: 0.7071068}
  m_LocalPosition: {x: 0, y: 0, z: -7.5}
  m_LocalScale: {x: 0.25, y: -7.5, z: 0.25}
  m_Children: []
  m_Father: {fileID: 4367844376495364383}
  m_RootOrder: 1
  m_LocalEulerAnglesHint: {x: 90, y: 0, z: 0}
--- !u!33 &4367844376913903906
MeshFilter:
  m_ObjectHideFlags: 0
  m_CorrespondingSourceObject: {fileID: 0}
  m_PrefabInstance: {fileID: 0}
  m_PrefabAsset: {fileID: 0}
  m_GameObject: {fileID: 4367844376913903910}
  m_Mesh: {fileID: 10206, guid: 0000000000000000e000000000000000, type: 0}
--- !u!23 &4367844376913903905
MeshRenderer:
  m_ObjectHideFlags: 0
  m_CorrespondingSourceObject: {fileID: 0}
  m_PrefabInstance: {fileID: 0}
  m_PrefabAsset: {fileID: 0}
  m_GameObject: {fileID: 4367844376913903910}
  m_Enabled: 1
  m_CastShadows: 1
  m_ReceiveShadows: 1
  m_DynamicOccludee: 1
  m_MotionVectors: 1
  m_LightProbeUsage: 1
  m_ReflectionProbeUsage: 1
  m_RenderingLayerMask: 1
  m_RendererPriority: 0
  m_Materials:
  - {fileID: 10303, guid: 0000000000000000f000000000000000, type: 0}
  m_StaticBatchInfo:
    firstSubMesh: 0
    subMeshCount: 0
  m_StaticBatchRoot: {fileID: 0}
  m_ProbeAnchor: {fileID: 0}
  m_LightProbeVolumeOverride: {fileID: 0}
  m_ScaleInLightmap: 1
  m_PreserveUVs: 0
  m_IgnoreNormalsForChartDetection: 0
  m_ImportantGI: 0
  m_StitchLightmapSeams: 0
  m_SelectedEditorRenderState: 3
  m_MinimumChartSize: 4
  m_AutoUVMaxDistance: 0.5
  m_AutoUVMaxAngle: 89
  m_LightmapParameters: {fileID: 0}
  m_SortingLayerID: 0
  m_SortingLayer: 0
  m_SortingOrder: 0
--- !u!1 &4367844377547646988
GameObject:
  m_ObjectHideFlags: 0
  m_CorrespondingSourceObject: {fileID: 0}
  m_PrefabInstance: {fileID: 0}
  m_PrefabAsset: {fileID: 0}
  serializedVersion: 6
  m_Component:
  - component: {fileID: 4367844377547646989}
  m_Layer: 0
  m_Name: Head
  m_TagString: Untagged
  m_Icon: {fileID: 0}
  m_NavMeshLayer: 0
  m_StaticEditorFlags: 0
  m_IsActive: 1
--- !u!4 &4367844377547646989
Transform:
  m_ObjectHideFlags: 0
  m_CorrespondingSourceObject: {fileID: 0}
  m_PrefabInstance: {fileID: 0}
  m_PrefabAsset: {fileID: 0}
  m_GameObject: {fileID: 4367844377547646988}
  m_LocalRotation: {x: 0.40557975, y: -0.579228, z: -0.40557975, w: 0.579228}
  m_LocalPosition: {x: 0, y: 0, z: -17.5}
  m_LocalScale: {x: 5, y: 5, z: 5}
  m_Children:
  - {fileID: 4363087000749632621}
  - {fileID: 2327178843318057475}
  - {fileID: 2205790091958284096}
  - {fileID: 3644229758190019582}
  - {fileID: 5194540798523342971}
  - {fileID: 7898300876557156223}
  - {fileID: 6230971146136151314}
  - {fileID: 1211018624625273351}
  - {fileID: 2546773211237415938}
  - {fileID: 8840272144482086083}
  - {fileID: 7729869673794706700}
  - {fileID: 540000581338267363}
  - {fileID: 7522312268348808658}
  - {fileID: 4651140924448901752}
  - {fileID: 5206179714535991696}
  - {fileID: 1264724205356704809}
  - {fileID: 2870265208531251884}
  - {fileID: 66455579899357713}
  - {fileID: 9081630366407015696}
  - {fileID: 6496046923697368327}
  - {fileID: 8476501979145197310}
  - {fileID: 2206131750299391488}
  m_Father: {fileID: 4367844376495364383}
  m_RootOrder: 2
  m_LocalEulerAnglesHint: {x: 0, y: -90, z: -70}
--- !u!1 &4529667991324848336
GameObject:
  m_ObjectHideFlags: 0
  m_CorrespondingSourceObject: {fileID: 0}
  m_PrefabInstance: {fileID: 0}
  m_PrefabAsset: {fileID: 0}
  serializedVersion: 6
  m_Component:
  - component: {fileID: 6937502438773196642}
  - component: {fileID: 8148528852172719187}
  - component: {fileID: 3204986066902562722}
  - component: {fileID: 80023423924171981}
  m_Layer: 0
  m_Name: Sphere
  m_TagString: Untagged
  m_Icon: {fileID: 0}
  m_NavMeshLayer: 0
  m_StaticEditorFlags: 0
  m_IsActive: 1
--- !u!4 &6937502438773196642
Transform:
  m_ObjectHideFlags: 0
  m_CorrespondingSourceObject: {fileID: 0}
  m_PrefabInstance: {fileID: 0}
  m_PrefabAsset: {fileID: 0}
  m_GameObject: {fileID: 4529667991324848336}
  m_LocalRotation: {x: 0, y: 0, z: 0, w: 1}
  m_LocalPosition: {x: 0, y: 0, z: 0}
  m_LocalScale: {x: 1, y: 1, z: 1}
  m_Children: []
  m_Father: {fileID: 4367844376495364383}
  m_RootOrder: 0
  m_LocalEulerAnglesHint: {x: 0, y: 0, z: 0}
--- !u!33 &8148528852172719187
MeshFilter:
  m_ObjectHideFlags: 0
  m_CorrespondingSourceObject: {fileID: 0}
  m_PrefabInstance: {fileID: 0}
  m_PrefabAsset: {fileID: 0}
  m_GameObject: {fileID: 4529667991324848336}
  m_Mesh: {fileID: 10207, guid: 0000000000000000e000000000000000, type: 0}
--- !u!23 &3204986066902562722
MeshRenderer:
  m_ObjectHideFlags: 0
  m_CorrespondingSourceObject: {fileID: 0}
  m_PrefabInstance: {fileID: 0}
  m_PrefabAsset: {fileID: 0}
  m_GameObject: {fileID: 4529667991324848336}
  m_Enabled: 1
  m_CastShadows: 1
  m_ReceiveShadows: 1
  m_DynamicOccludee: 1
  m_MotionVectors: 1
  m_LightProbeUsage: 1
  m_ReflectionProbeUsage: 1
  m_RenderingLayerMask: 1
  m_RendererPriority: 0
  m_Materials:
  - {fileID: 10303, guid: 0000000000000000f000000000000000, type: 0}
  m_StaticBatchInfo:
    firstSubMesh: 0
    subMeshCount: 0
  m_StaticBatchRoot: {fileID: 0}
  m_ProbeAnchor: {fileID: 0}
  m_LightProbeVolumeOverride: {fileID: 0}
  m_ScaleInLightmap: 1
  m_PreserveUVs: 0
  m_IgnoreNormalsForChartDetection: 0
  m_ImportantGI: 0
  m_StitchLightmapSeams: 0
  m_SelectedEditorRenderState: 3
  m_MinimumChartSize: 4
  m_AutoUVMaxDistance: 0.5
  m_AutoUVMaxAngle: 89
  m_LightmapParameters: {fileID: 0}
  m_SortingLayerID: 0
  m_SortingLayer: 0
  m_SortingOrder: 0
--- !u!135 &80023423924171981
SphereCollider:
  m_ObjectHideFlags: 0
  m_CorrespondingSourceObject: {fileID: 0}
  m_PrefabInstance: {fileID: 0}
  m_PrefabAsset: {fileID: 0}
  m_GameObject: {fileID: 4529667991324848336}
  m_Material: {fileID: 0}
  m_IsTrigger: 0
  m_Enabled: 1
  serializedVersion: 2
  m_Radius: 0.5
  m_Center: {x: 0, y: 0, z: 0}
--- !u!1001 &63696873523575927
PrefabInstance:
  m_ObjectHideFlags: 0
  serializedVersion: 2
  m_Modification:
    m_TransformParent: {fileID: 4367844377547646989}
    m_Modifications:
    - target: {fileID: 1155489785018666, guid: ee87afc984ae0cc4787e29f3e6c1a338, type: 3}
      propertyPath: m_Name
      value: Pig
      objectReference: {fileID: 0}
    - target: {fileID: 1155489785018666, guid: ee87afc984ae0cc4787e29f3e6c1a338, type: 3}
      propertyPath: m_IsActive
      value: 0
      objectReference: {fileID: 0}
    - target: {fileID: 4031941327361638, guid: ee87afc984ae0cc4787e29f3e6c1a338, type: 3}
      propertyPath: m_LocalPosition.x
      value: 0
      objectReference: {fileID: 0}
    - target: {fileID: 4031941327361638, guid: ee87afc984ae0cc4787e29f3e6c1a338, type: 3}
      propertyPath: m_LocalPosition.y
      value: 0
      objectReference: {fileID: 0}
    - target: {fileID: 4031941327361638, guid: ee87afc984ae0cc4787e29f3e6c1a338, type: 3}
      propertyPath: m_LocalPosition.z
      value: 0
      objectReference: {fileID: 0}
    - target: {fileID: 4031941327361638, guid: ee87afc984ae0cc4787e29f3e6c1a338, type: 3}
      propertyPath: m_LocalRotation.x
      value: 0
      objectReference: {fileID: 0}
    - target: {fileID: 4031941327361638, guid: ee87afc984ae0cc4787e29f3e6c1a338, type: 3}
      propertyPath: m_LocalRotation.y
      value: 0
      objectReference: {fileID: 0}
    - target: {fileID: 4031941327361638, guid: ee87afc984ae0cc4787e29f3e6c1a338, type: 3}
      propertyPath: m_LocalRotation.z
      value: 0
      objectReference: {fileID: 0}
    - target: {fileID: 4031941327361638, guid: ee87afc984ae0cc4787e29f3e6c1a338, type: 3}
      propertyPath: m_LocalRotation.w
      value: 1
      objectReference: {fileID: 0}
    - target: {fileID: 4031941327361638, guid: ee87afc984ae0cc4787e29f3e6c1a338, type: 3}
      propertyPath: m_RootOrder
      value: 17
      objectReference: {fileID: 0}
    - target: {fileID: 4031941327361638, guid: ee87afc984ae0cc4787e29f3e6c1a338, type: 3}
      propertyPath: m_LocalEulerAnglesHint.x
      value: 0
      objectReference: {fileID: 0}
    - target: {fileID: 4031941327361638, guid: ee87afc984ae0cc4787e29f3e6c1a338, type: 3}
      propertyPath: m_LocalEulerAnglesHint.y
      value: 0
      objectReference: {fileID: 0}
    - target: {fileID: 4031941327361638, guid: ee87afc984ae0cc4787e29f3e6c1a338, type: 3}
      propertyPath: m_LocalEulerAnglesHint.z
      value: 0
      objectReference: {fileID: 0}
    m_RemovedComponents: []
  m_SourcePrefab: {fileID: 100100000, guid: ee87afc984ae0cc4787e29f3e6c1a338, type: 3}
--- !u!4 &66455579899357713 stripped
Transform:
  m_CorrespondingSourceObject: {fileID: 4031941327361638, guid: ee87afc984ae0cc4787e29f3e6c1a338,
    type: 3}
  m_PrefabInstance: {fileID: 63696873523575927}
  m_PrefabAsset: {fileID: 0}
--- !u!1 &64828379735623005 stripped
GameObject:
  m_CorrespondingSourceObject: {fileID: 1155489785018666, guid: ee87afc984ae0cc4787e29f3e6c1a338,
    type: 3}
  m_PrefabInstance: {fileID: 63696873523575927}
  m_PrefabAsset: {fileID: 0}
--- !u!1001 &536250180624767605
PrefabInstance:
  m_ObjectHideFlags: 0
  serializedVersion: 2
  m_Modification:
    m_TransformParent: {fileID: 4367844377547646989}
    m_Modifications:
    - target: {fileID: 1748003504462306, guid: d98041faa17dc584bb905cd4a5e46466, type: 3}
      propertyPath: m_Name
      value: Goat
      objectReference: {fileID: 0}
    - target: {fileID: 1748003504462306, guid: d98041faa17dc584bb905cd4a5e46466, type: 3}
      propertyPath: m_IsActive
      value: 0
      objectReference: {fileID: 0}
    - target: {fileID: 4313488735020182, guid: d98041faa17dc584bb905cd4a5e46466, type: 3}
      propertyPath: m_LocalPosition.x
      value: 0
      objectReference: {fileID: 0}
    - target: {fileID: 4313488735020182, guid: d98041faa17dc584bb905cd4a5e46466, type: 3}
      propertyPath: m_LocalPosition.y
      value: 0
      objectReference: {fileID: 0}
    - target: {fileID: 4313488735020182, guid: d98041faa17dc584bb905cd4a5e46466, type: 3}
      propertyPath: m_LocalPosition.z
      value: 0
      objectReference: {fileID: 0}
    - target: {fileID: 4313488735020182, guid: d98041faa17dc584bb905cd4a5e46466, type: 3}
      propertyPath: m_LocalRotation.x
      value: 0
      objectReference: {fileID: 0}
    - target: {fileID: 4313488735020182, guid: d98041faa17dc584bb905cd4a5e46466, type: 3}
      propertyPath: m_LocalRotation.y
      value: 0
      objectReference: {fileID: 0}
    - target: {fileID: 4313488735020182, guid: d98041faa17dc584bb905cd4a5e46466, type: 3}
      propertyPath: m_LocalRotation.z
      value: 0
      objectReference: {fileID: 0}
    - target: {fileID: 4313488735020182, guid: d98041faa17dc584bb905cd4a5e46466, type: 3}
      propertyPath: m_LocalRotation.w
      value: 1
      objectReference: {fileID: 0}
    - target: {fileID: 4313488735020182, guid: d98041faa17dc584bb905cd4a5e46466, type: 3}
      propertyPath: m_RootOrder
      value: 11
      objectReference: {fileID: 0}
    - target: {fileID: 4313488735020182, guid: d98041faa17dc584bb905cd4a5e46466, type: 3}
      propertyPath: m_LocalEulerAnglesHint.x
      value: 0
      objectReference: {fileID: 0}
    - target: {fileID: 4313488735020182, guid: d98041faa17dc584bb905cd4a5e46466, type: 3}
      propertyPath: m_LocalEulerAnglesHint.y
      value: 0
      objectReference: {fileID: 0}
    - target: {fileID: 4313488735020182, guid: d98041faa17dc584bb905cd4a5e46466, type: 3}
      propertyPath: m_LocalEulerAnglesHint.z
      value: 0
      objectReference: {fileID: 0}
    m_RemovedComponents: []
  m_SourcePrefab: {fileID: 100100000, guid: d98041faa17dc584bb905cd4a5e46466, type: 3}
--- !u!1 &537917915254735767 stripped
GameObject:
  m_CorrespondingSourceObject: {fileID: 1748003504462306, guid: d98041faa17dc584bb905cd4a5e46466,
    type: 3}
  m_PrefabInstance: {fileID: 536250180624767605}
  m_PrefabAsset: {fileID: 0}
--- !u!4 &540000581338267363 stripped
Transform:
  m_CorrespondingSourceObject: {fileID: 4313488735020182, guid: d98041faa17dc584bb905cd4a5e46466,
    type: 3}
  m_PrefabInstance: {fileID: 536250180624767605}
  m_PrefabAsset: {fileID: 0}
--- !u!1001 &1207010614229643789
PrefabInstance:
  m_ObjectHideFlags: 0
  serializedVersion: 2
  m_Modification:
    m_TransformParent: {fileID: 4367844377547646989}
    m_Modifications:
    - target: {fileID: 1572907694970512, guid: 90bb4a87e3f0d4f4282809950f38bd3d, type: 3}
      propertyPath: m_Name
      value: Deer
      objectReference: {fileID: 0}
    - target: {fileID: 1572907694970512, guid: 90bb4a87e3f0d4f4282809950f38bd3d, type: 3}
      propertyPath: m_IsActive
      value: 0
      objectReference: {fileID: 0}
    - target: {fileID: 4027270245341194, guid: 90bb4a87e3f0d4f4282809950f38bd3d, type: 3}
      propertyPath: m_LocalPosition.x
      value: 0
      objectReference: {fileID: 0}
    - target: {fileID: 4027270245341194, guid: 90bb4a87e3f0d4f4282809950f38bd3d, type: 3}
      propertyPath: m_LocalPosition.y
      value: 0
      objectReference: {fileID: 0}
    - target: {fileID: 4027270245341194, guid: 90bb4a87e3f0d4f4282809950f38bd3d, type: 3}
      propertyPath: m_LocalPosition.z
      value: 0
      objectReference: {fileID: 0}
    - target: {fileID: 4027270245341194, guid: 90bb4a87e3f0d4f4282809950f38bd3d, type: 3}
      propertyPath: m_LocalRotation.x
      value: 0
      objectReference: {fileID: 0}
    - target: {fileID: 4027270245341194, guid: 90bb4a87e3f0d4f4282809950f38bd3d, type: 3}
      propertyPath: m_LocalRotation.y
      value: 0
      objectReference: {fileID: 0}
    - target: {fileID: 4027270245341194, guid: 90bb4a87e3f0d4f4282809950f38bd3d, type: 3}
      propertyPath: m_LocalRotation.z
      value: 0
      objectReference: {fileID: 0}
    - target: {fileID: 4027270245341194, guid: 90bb4a87e3f0d4f4282809950f38bd3d, type: 3}
      propertyPath: m_LocalRotation.w
      value: 1
      objectReference: {fileID: 0}
    - target: {fileID: 4027270245341194, guid: 90bb4a87e3f0d4f4282809950f38bd3d, type: 3}
      propertyPath: m_RootOrder
      value: 7
      objectReference: {fileID: 0}
    - target: {fileID: 4027270245341194, guid: 90bb4a87e3f0d4f4282809950f38bd3d, type: 3}
      propertyPath: m_LocalEulerAnglesHint.x
      value: 0
      objectReference: {fileID: 0}
    - target: {fileID: 4027270245341194, guid: 90bb4a87e3f0d4f4282809950f38bd3d, type: 3}
      propertyPath: m_LocalEulerAnglesHint.y
      value: 0
      objectReference: {fileID: 0}
    - target: {fileID: 4027270245341194, guid: 90bb4a87e3f0d4f4282809950f38bd3d, type: 3}
      propertyPath: m_LocalEulerAnglesHint.z
      value: 0
      objectReference: {fileID: 0}
    m_RemovedComponents: []
  m_SourcePrefab: {fileID: 100100000, guid: 90bb4a87e3f0d4f4282809950f38bd3d, type: 3}
--- !u!1 &1208582421732451485 stripped
GameObject:
  m_CorrespondingSourceObject: {fileID: 1572907694970512, guid: 90bb4a87e3f0d4f4282809950f38bd3d,
    type: 3}
  m_PrefabInstance: {fileID: 1207010614229643789}
  m_PrefabAsset: {fileID: 0}
--- !u!4 &1211018624625273351 stripped
Transform:
  m_CorrespondingSourceObject: {fileID: 4027270245341194, guid: 90bb4a87e3f0d4f4282809950f38bd3d,
    type: 3}
  m_PrefabInstance: {fileID: 1207010614229643789}
  m_PrefabAsset: {fileID: 0}
--- !u!1001 &1262064696420392549
PrefabInstance:
  m_ObjectHideFlags: 0
  serializedVersion: 2
  m_Modification:
    m_TransformParent: {fileID: 4367844377547646989}
    m_Modifications:
    - target: {fileID: 1232213973632570, guid: 8a37329b8fbc68c4c843a1aad4a7f892, type: 3}
      propertyPath: m_Name
      value: Owl
      objectReference: {fileID: 0}
    - target: {fileID: 1232213973632570, guid: 8a37329b8fbc68c4c843a1aad4a7f892, type: 3}
      propertyPath: m_IsActive
      value: 0
      objectReference: {fileID: 0}
    - target: {fileID: 4207630724446796, guid: 8a37329b8fbc68c4c843a1aad4a7f892, type: 3}
      propertyPath: m_LocalPosition.x
      value: 0
      objectReference: {fileID: 0}
    - target: {fileID: 4207630724446796, guid: 8a37329b8fbc68c4c843a1aad4a7f892, type: 3}
      propertyPath: m_LocalPosition.y
      value: 0
      objectReference: {fileID: 0}
    - target: {fileID: 4207630724446796, guid: 8a37329b8fbc68c4c843a1aad4a7f892, type: 3}
      propertyPath: m_LocalPosition.z
      value: 0
      objectReference: {fileID: 0}
    - target: {fileID: 4207630724446796, guid: 8a37329b8fbc68c4c843a1aad4a7f892, type: 3}
      propertyPath: m_LocalRotation.x
      value: 0
      objectReference: {fileID: 0}
    - target: {fileID: 4207630724446796, guid: 8a37329b8fbc68c4c843a1aad4a7f892, type: 3}
      propertyPath: m_LocalRotation.y
      value: 0
      objectReference: {fileID: 0}
    - target: {fileID: 4207630724446796, guid: 8a37329b8fbc68c4c843a1aad4a7f892, type: 3}
      propertyPath: m_LocalRotation.z
      value: 0
      objectReference: {fileID: 0}
    - target: {fileID: 4207630724446796, guid: 8a37329b8fbc68c4c843a1aad4a7f892, type: 3}
      propertyPath: m_LocalRotation.w
      value: 1
      objectReference: {fileID: 0}
    - target: {fileID: 4207630724446796, guid: 8a37329b8fbc68c4c843a1aad4a7f892, type: 3}
      propertyPath: m_RootOrder
      value: 15
      objectReference: {fileID: 0}
    - target: {fileID: 4207630724446796, guid: 8a37329b8fbc68c4c843a1aad4a7f892, type: 3}
      propertyPath: m_LocalEulerAnglesHint.x
      value: 0
      objectReference: {fileID: 0}
    - target: {fileID: 4207630724446796, guid: 8a37329b8fbc68c4c843a1aad4a7f892, type: 3}
      propertyPath: m_LocalEulerAnglesHint.y
      value: 0
      objectReference: {fileID: 0}
    - target: {fileID: 4207630724446796, guid: 8a37329b8fbc68c4c843a1aad4a7f892, type: 3}
      propertyPath: m_LocalEulerAnglesHint.z
      value: 0
      objectReference: {fileID: 0}
    m_RemovedComponents: []
  m_SourcePrefab: {fileID: 100100000, guid: 8a37329b8fbc68c4c843a1aad4a7f892, type: 3}
--- !u!1 &1263155889164867679 stripped
GameObject:
  m_CorrespondingSourceObject: {fileID: 1232213973632570, guid: 8a37329b8fbc68c4c843a1aad4a7f892,
    type: 3}
  m_PrefabInstance: {fileID: 1262064696420392549}
  m_PrefabAsset: {fileID: 0}
--- !u!4 &1264724205356704809 stripped
Transform:
  m_CorrespondingSourceObject: {fileID: 4207630724446796, guid: 8a37329b8fbc68c4c843a1aad4a7f892,
    type: 3}
  m_PrefabInstance: {fileID: 1262064696420392549}
  m_PrefabAsset: {fileID: 0}
--- !u!1001 &2202929991248315862
PrefabInstance:
  m_ObjectHideFlags: 0
  serializedVersion: 2
  m_Modification:
    m_TransformParent: {fileID: 4367844377547646989}
    m_Modifications:
    - target: {fileID: 1514781368367630, guid: 8b47485530cd8a94d8dd00df34347ffe, type: 3}
      propertyPath: m_Name
      value: Bunny
      objectReference: {fileID: 0}
    - target: {fileID: 1514781368367630, guid: 8b47485530cd8a94d8dd00df34347ffe, type: 3}
      propertyPath: m_IsActive
      value: 0
      objectReference: {fileID: 0}
    - target: {fileID: 4199314772912790, guid: 8b47485530cd8a94d8dd00df34347ffe, type: 3}
      propertyPath: m_LocalPosition.x
      value: 0
      objectReference: {fileID: 0}
    - target: {fileID: 4199314772912790, guid: 8b47485530cd8a94d8dd00df34347ffe, type: 3}
      propertyPath: m_LocalPosition.y
      value: 0
      objectReference: {fileID: 0}
    - target: {fileID: 4199314772912790, guid: 8b47485530cd8a94d8dd00df34347ffe, type: 3}
      propertyPath: m_LocalPosition.z
      value: 0
      objectReference: {fileID: 0}
    - target: {fileID: 4199314772912790, guid: 8b47485530cd8a94d8dd00df34347ffe, type: 3}
      propertyPath: m_LocalRotation.x
      value: 0
      objectReference: {fileID: 0}
    - target: {fileID: 4199314772912790, guid: 8b47485530cd8a94d8dd00df34347ffe, type: 3}
      propertyPath: m_LocalRotation.y
      value: 0
      objectReference: {fileID: 0}
    - target: {fileID: 4199314772912790, guid: 8b47485530cd8a94d8dd00df34347ffe, type: 3}
      propertyPath: m_LocalRotation.z
      value: 0
      objectReference: {fileID: 0}
    - target: {fileID: 4199314772912790, guid: 8b47485530cd8a94d8dd00df34347ffe, type: 3}
      propertyPath: m_LocalRotation.w
      value: 1
      objectReference: {fileID: 0}
    - target: {fileID: 4199314772912790, guid: 8b47485530cd8a94d8dd00df34347ffe, type: 3}
      propertyPath: m_RootOrder
      value: 2
      objectReference: {fileID: 0}
    - target: {fileID: 4199314772912790, guid: 8b47485530cd8a94d8dd00df34347ffe, type: 3}
      propertyPath: m_LocalEulerAnglesHint.x
      value: 0
      objectReference: {fileID: 0}
    - target: {fileID: 4199314772912790, guid: 8b47485530cd8a94d8dd00df34347ffe, type: 3}
      propertyPath: m_LocalEulerAnglesHint.y
      value: 0
      objectReference: {fileID: 0}
    - target: {fileID: 4199314772912790, guid: 8b47485530cd8a94d8dd00df34347ffe, type: 3}
      propertyPath: m_LocalEulerAnglesHint.z
      value: 0
      objectReference: {fileID: 0}
    m_RemovedComponents: []
  m_SourcePrefab: {fileID: 100100000, guid: 8b47485530cd8a94d8dd00df34347ffe, type: 3}
--- !u!1 &2204231128015355864 stripped
GameObject:
  m_CorrespondingSourceObject: {fileID: 1514781368367630, guid: 8b47485530cd8a94d8dd00df34347ffe,
    type: 3}
  m_PrefabInstance: {fileID: 2202929991248315862}
  m_PrefabAsset: {fileID: 0}
--- !u!4 &2205790091958284096 stripped
Transform:
  m_CorrespondingSourceObject: {fileID: 4199314772912790, guid: 8b47485530cd8a94d8dd00df34347ffe,
    type: 3}
  m_PrefabInstance: {fileID: 2202929991248315862}
  m_PrefabAsset: {fileID: 0}
--- !u!1001 &2203245030872212732
PrefabInstance:
  m_ObjectHideFlags: 0
  serializedVersion: 2
  m_Modification:
    m_TransformParent: {fileID: 4367844377547646989}
    m_Modifications:
    - target: {fileID: 1726858551697574, guid: 1a182a75b5fb4d849a1fb8b684621684, type: 3}
      propertyPath: m_Name
      value: Zebra
      objectReference: {fileID: 0}
    - target: {fileID: 1726858551697574, guid: 1a182a75b5fb4d849a1fb8b684621684, type: 3}
      propertyPath: m_IsActive
      value: 0
      objectReference: {fileID: 0}
    - target: {fileID: 4150165728801532, guid: 1a182a75b5fb4d849a1fb8b684621684, type: 3}
      propertyPath: m_LocalPosition.x
      value: 0
      objectReference: {fileID: 0}
    - target: {fileID: 4150165728801532, guid: 1a182a75b5fb4d849a1fb8b684621684, type: 3}
      propertyPath: m_LocalPosition.y
      value: 0
      objectReference: {fileID: 0}
    - target: {fileID: 4150165728801532, guid: 1a182a75b5fb4d849a1fb8b684621684, type: 3}
      propertyPath: m_LocalPosition.z
      value: 0
      objectReference: {fileID: 0}
    - target: {fileID: 4150165728801532, guid: 1a182a75b5fb4d849a1fb8b684621684, type: 3}
      propertyPath: m_LocalRotation.x
      value: 0
      objectReference: {fileID: 0}
    - target: {fileID: 4150165728801532, guid: 1a182a75b5fb4d849a1fb8b684621684, type: 3}
      propertyPath: m_LocalRotation.y
      value: 0
      objectReference: {fileID: 0}
    - target: {fileID: 4150165728801532, guid: 1a182a75b5fb4d849a1fb8b684621684, type: 3}
      propertyPath: m_LocalRotation.z
      value: 0
      objectReference: {fileID: 0}
    - target: {fileID: 4150165728801532, guid: 1a182a75b5fb4d849a1fb8b684621684, type: 3}
      propertyPath: m_LocalRotation.w
      value: 1
      objectReference: {fileID: 0}
    - target: {fileID: 4150165728801532, guid: 1a182a75b5fb4d849a1fb8b684621684, type: 3}
      propertyPath: m_RootOrder
      value: 21
      objectReference: {fileID: 0}
    - target: {fileID: 4150165728801532, guid: 1a182a75b5fb4d849a1fb8b684621684, type: 3}
      propertyPath: m_LocalEulerAnglesHint.x
      value: 0
      objectReference: {fileID: 0}
    - target: {fileID: 4150165728801532, guid: 1a182a75b5fb4d849a1fb8b684621684, type: 3}
      propertyPath: m_LocalEulerAnglesHint.y
      value: 0
      objectReference: {fileID: 0}
    - target: {fileID: 4150165728801532, guid: 1a182a75b5fb4d849a1fb8b684621684, type: 3}
      propertyPath: m_LocalEulerAnglesHint.z
      value: 0
      objectReference: {fileID: 0}
    m_RemovedComponents: []
  m_SourcePrefab: {fileID: 100100000, guid: 1a182a75b5fb4d849a1fb8b684621684, type: 3}
--- !u!4 &2206131750299391488 stripped
Transform:
  m_CorrespondingSourceObject: {fileID: 4150165728801532, guid: 1a182a75b5fb4d849a1fb8b684621684,
    type: 3}
  m_PrefabInstance: {fileID: 2203245030872212732}
  m_PrefabAsset: {fileID: 0}
--- !u!1 &2203770118851609690 stripped
GameObject:
  m_CorrespondingSourceObject: {fileID: 1726858551697574, guid: 1a182a75b5fb4d849a1fb8b684621684,
    type: 3}
  m_PrefabInstance: {fileID: 2203245030872212732}
  m_PrefabAsset: {fileID: 0}
--- !u!1001 &2331573192308298967
PrefabInstance:
  m_ObjectHideFlags: 0
  serializedVersion: 2
  m_Modification:
    m_TransformParent: {fileID: 4367844377547646989}
    m_Modifications:
    - target: {fileID: 1916075801608800, guid: 9bc5346f948394d49ab10854d9a51557, type: 3}
      propertyPath: m_Name
      value: Bird
      objectReference: {fileID: 0}
    - target: {fileID: 1916075801608800, guid: 9bc5346f948394d49ab10854d9a51557, type: 3}
      propertyPath: m_IsActive
      value: 0
      objectReference: {fileID: 0}
    - target: {fileID: 4685727373389524, guid: 9bc5346f948394d49ab10854d9a51557, type: 3}
      propertyPath: m_LocalPosition.x
      value: 0
      objectReference: {fileID: 0}
    - target: {fileID: 4685727373389524, guid: 9bc5346f948394d49ab10854d9a51557, type: 3}
      propertyPath: m_LocalPosition.y
      value: 0
      objectReference: {fileID: 0}
    - target: {fileID: 4685727373389524, guid: 9bc5346f948394d49ab10854d9a51557, type: 3}
      propertyPath: m_LocalPosition.z
      value: 0
      objectReference: {fileID: 0}
    - target: {fileID: 4685727373389524, guid: 9bc5346f948394d49ab10854d9a51557, type: 3}
      propertyPath: m_LocalRotation.x
      value: 0
      objectReference: {fileID: 0}
    - target: {fileID: 4685727373389524, guid: 9bc5346f948394d49ab10854d9a51557, type: 3}
      propertyPath: m_LocalRotation.y
      value: 0
      objectReference: {fileID: 0}
    - target: {fileID: 4685727373389524, guid: 9bc5346f948394d49ab10854d9a51557, type: 3}
      propertyPath: m_LocalRotation.z
      value: 0
      objectReference: {fileID: 0}
    - target: {fileID: 4685727373389524, guid: 9bc5346f948394d49ab10854d9a51557, type: 3}
      propertyPath: m_LocalRotation.w
      value: 1
      objectReference: {fileID: 0}
    - target: {fileID: 4685727373389524, guid: 9bc5346f948394d49ab10854d9a51557, type: 3}
      propertyPath: m_RootOrder
      value: 1
      objectReference: {fileID: 0}
    - target: {fileID: 4685727373389524, guid: 9bc5346f948394d49ab10854d9a51557, type: 3}
      propertyPath: m_LocalEulerAnglesHint.x
      value: 0
      objectReference: {fileID: 0}
    - target: {fileID: 4685727373389524, guid: 9bc5346f948394d49ab10854d9a51557, type: 3}
      propertyPath: m_LocalEulerAnglesHint.y
      value: 0
      objectReference: {fileID: 0}
    - target: {fileID: 4685727373389524, guid: 9bc5346f948394d49ab10854d9a51557, type: 3}
      propertyPath: m_LocalEulerAnglesHint.z
      value: 0
      objectReference: {fileID: 0}
    m_RemovedComponents: []
  m_SourcePrefab: {fileID: 100100000, guid: 9bc5346f948394d49ab10854d9a51557, type: 3}
--- !u!1 &2332204755026745015 stripped
GameObject:
  m_CorrespondingSourceObject: {fileID: 1916075801608800, guid: 9bc5346f948394d49ab10854d9a51557,
    type: 3}
  m_PrefabInstance: {fileID: 2331573192308298967}
  m_PrefabAsset: {fileID: 0}
--- !u!4 &2327178843318057475 stripped
Transform:
  m_CorrespondingSourceObject: {fileID: 4685727373389524, guid: 9bc5346f948394d49ab10854d9a51557,
    type: 3}
  m_PrefabInstance: {fileID: 2331573192308298967}
  m_PrefabAsset: {fileID: 0}
--- !u!1001 &2546872544844104184
PrefabInstance:
  m_ObjectHideFlags: 0
  serializedVersion: 2
  m_Modification:
    m_TransformParent: {fileID: 4367844377547646989}
    m_Modifications:
    - target: {fileID: 1131385415324142, guid: 1323164ccf05bac4d836b1dc627b41c9, type: 3}
      propertyPath: m_Name
      value: Dog
      objectReference: {fileID: 0}
    - target: {fileID: 1131385415324142, guid: 1323164ccf05bac4d836b1dc627b41c9, type: 3}
      propertyPath: m_IsActive
      value: 0
      objectReference: {fileID: 0}
    - target: {fileID: 4428471672094202, guid: 1323164ccf05bac4d836b1dc627b41c9, type: 3}
      propertyPath: m_LocalPosition.x
      value: 0
      objectReference: {fileID: 0}
    - target: {fileID: 4428471672094202, guid: 1323164ccf05bac4d836b1dc627b41c9, type: 3}
      propertyPath: m_LocalPosition.y
      value: 0
      objectReference: {fileID: 0}
    - target: {fileID: 4428471672094202, guid: 1323164ccf05bac4d836b1dc627b41c9, type: 3}
      propertyPath: m_LocalPosition.z
      value: 0
      objectReference: {fileID: 0}
    - target: {fileID: 4428471672094202, guid: 1323164ccf05bac4d836b1dc627b41c9, type: 3}
      propertyPath: m_LocalRotation.x
      value: 0
      objectReference: {fileID: 0}
    - target: {fileID: 4428471672094202, guid: 1323164ccf05bac4d836b1dc627b41c9, type: 3}
      propertyPath: m_LocalRotation.y
      value: 0
      objectReference: {fileID: 0}
    - target: {fileID: 4428471672094202, guid: 1323164ccf05bac4d836b1dc627b41c9, type: 3}
      propertyPath: m_LocalRotation.z
      value: 0
      objectReference: {fileID: 0}
    - target: {fileID: 4428471672094202, guid: 1323164ccf05bac4d836b1dc627b41c9, type: 3}
      propertyPath: m_LocalRotation.w
      value: 1
      objectReference: {fileID: 0}
    - target: {fileID: 4428471672094202, guid: 1323164ccf05bac4d836b1dc627b41c9, type: 3}
      propertyPath: m_RootOrder
      value: 8
      objectReference: {fileID: 0}
    - target: {fileID: 4428471672094202, guid: 1323164ccf05bac4d836b1dc627b41c9, type: 3}
      propertyPath: m_LocalEulerAnglesHint.x
      value: 0
      objectReference: {fileID: 0}
    - target: {fileID: 4428471672094202, guid: 1323164ccf05bac4d836b1dc627b41c9, type: 3}
      propertyPath: m_LocalEulerAnglesHint.y
      value: 0
      objectReference: {fileID: 0}
    - target: {fileID: 4428471672094202, guid: 1323164ccf05bac4d836b1dc627b41c9, type: 3}
      propertyPath: m_LocalEulerAnglesHint.z
      value: 0
      objectReference: {fileID: 0}
    m_RemovedComponents: []
  m_SourcePrefab: {fileID: 100100000, guid: 1323164ccf05bac4d836b1dc627b41c9, type: 3}
--- !u!1 &2547994952653606934 stripped
GameObject:
  m_CorrespondingSourceObject: {fileID: 1131385415324142, guid: 1323164ccf05bac4d836b1dc627b41c9,
    type: 3}
  m_PrefabInstance: {fileID: 2546872544844104184}
  m_PrefabAsset: {fileID: 0}
--- !u!4 &2546773211237415938 stripped
Transform:
  m_CorrespondingSourceObject: {fileID: 4428471672094202, guid: 1323164ccf05bac4d836b1dc627b41c9,
    type: 3}
  m_PrefabInstance: {fileID: 2546872544844104184}
  m_PrefabAsset: {fileID: 0}
--- !u!1001 &2871818934857185738
PrefabInstance:
  m_ObjectHideFlags: 0
  serializedVersion: 2
  m_Modification:
    m_TransformParent: {fileID: 4367844377547646989}
    m_Modifications:
    - target: {fileID: 1798410034550930, guid: b46d0f3c9195b324e9beb4c62a3578b3, type: 3}
      propertyPath: m_Name
      value: Panda
      objectReference: {fileID: 0}
    - target: {fileID: 1798410034550930, guid: b46d0f3c9195b324e9beb4c62a3578b3, type: 3}
      propertyPath: m_IsActive
      value: 0
      objectReference: {fileID: 0}
    - target: {fileID: 4497986017938278, guid: b46d0f3c9195b324e9beb4c62a3578b3, type: 3}
      propertyPath: m_LocalPosition.x
      value: 0
      objectReference: {fileID: 0}
    - target: {fileID: 4497986017938278, guid: b46d0f3c9195b324e9beb4c62a3578b3, type: 3}
      propertyPath: m_LocalPosition.y
      value: 0
      objectReference: {fileID: 0}
    - target: {fileID: 4497986017938278, guid: b46d0f3c9195b324e9beb4c62a3578b3, type: 3}
      propertyPath: m_LocalPosition.z
      value: 0
      objectReference: {fileID: 0}
    - target: {fileID: 4497986017938278, guid: b46d0f3c9195b324e9beb4c62a3578b3, type: 3}
      propertyPath: m_LocalRotation.x
      value: 0
      objectReference: {fileID: 0}
    - target: {fileID: 4497986017938278, guid: b46d0f3c9195b324e9beb4c62a3578b3, type: 3}
      propertyPath: m_LocalRotation.y
      value: 0
      objectReference: {fileID: 0}
    - target: {fileID: 4497986017938278, guid: b46d0f3c9195b324e9beb4c62a3578b3, type: 3}
      propertyPath: m_LocalRotation.z
      value: 0
      objectReference: {fileID: 0}
    - target: {fileID: 4497986017938278, guid: b46d0f3c9195b324e9beb4c62a3578b3, type: 3}
      propertyPath: m_LocalRotation.w
      value: 1
      objectReference: {fileID: 0}
    - target: {fileID: 4497986017938278, guid: b46d0f3c9195b324e9beb4c62a3578b3, type: 3}
      propertyPath: m_RootOrder
      value: 16
      objectReference: {fileID: 0}
    - target: {fileID: 4497986017938278, guid: b46d0f3c9195b324e9beb4c62a3578b3, type: 3}
      propertyPath: m_LocalEulerAnglesHint.x
      value: 0
      objectReference: {fileID: 0}
    - target: {fileID: 4497986017938278, guid: b46d0f3c9195b324e9beb4c62a3578b3, type: 3}
      propertyPath: m_LocalEulerAnglesHint.y
      value: 0
      objectReference: {fileID: 0}
    - target: {fileID: 4497986017938278, guid: b46d0f3c9195b324e9beb4c62a3578b3, type: 3}
      propertyPath: m_LocalEulerAnglesHint.z
      value: 0
      objectReference: {fileID: 0}
    m_RemovedComponents: []
  m_SourcePrefab: {fileID: 100100000, guid: b46d0f3c9195b324e9beb4c62a3578b3, type: 3}
--- !u!1 &2872350707252601176 stripped
GameObject:
  m_CorrespondingSourceObject: {fileID: 1798410034550930, guid: b46d0f3c9195b324e9beb4c62a3578b3,
    type: 3}
  m_PrefabInstance: {fileID: 2871818934857185738}
  m_PrefabAsset: {fileID: 0}
--- !u!4 &2870265208531251884 stripped
Transform:
  m_CorrespondingSourceObject: {fileID: 4497986017938278, guid: b46d0f3c9195b324e9beb4c62a3578b3,
    type: 3}
  m_PrefabInstance: {fileID: 2871818934857185738}
  m_PrefabAsset: {fileID: 0}
--- !u!1001 &3639714843684998518
PrefabInstance:
  m_ObjectHideFlags: 0
  serializedVersion: 2
  m_Modification:
    m_TransformParent: {fileID: 4367844377547646989}
    m_Modifications:
    - target: {fileID: 1795941953813262, guid: eda412fee669806468777a07a50cbe59, type: 3}
      propertyPath: m_Name
      value: Cat
      objectReference: {fileID: 0}
    - target: {fileID: 1795941953813262, guid: eda412fee669806468777a07a50cbe59, type: 3}
      propertyPath: m_IsActive
      value: 0
      objectReference: {fileID: 0}
    - target: {fileID: 4568427819527816, guid: eda412fee669806468777a07a50cbe59, type: 3}
      propertyPath: m_LocalPosition.x
      value: 0
      objectReference: {fileID: 0}
    - target: {fileID: 4568427819527816, guid: eda412fee669806468777a07a50cbe59, type: 3}
      propertyPath: m_LocalPosition.y
      value: 0
      objectReference: {fileID: 0}
    - target: {fileID: 4568427819527816, guid: eda412fee669806468777a07a50cbe59, type: 3}
      propertyPath: m_LocalPosition.z
      value: 0
      objectReference: {fileID: 0}
    - target: {fileID: 4568427819527816, guid: eda412fee669806468777a07a50cbe59, type: 3}
      propertyPath: m_LocalRotation.x
      value: 0
      objectReference: {fileID: 0}
    - target: {fileID: 4568427819527816, guid: eda412fee669806468777a07a50cbe59, type: 3}
      propertyPath: m_LocalRotation.y
      value: 0
      objectReference: {fileID: 0}
    - target: {fileID: 4568427819527816, guid: eda412fee669806468777a07a50cbe59, type: 3}
      propertyPath: m_LocalRotation.z
      value: 0
      objectReference: {fileID: 0}
    - target: {fileID: 4568427819527816, guid: eda412fee669806468777a07a50cbe59, type: 3}
      propertyPath: m_LocalRotation.w
      value: 1
      objectReference: {fileID: 0}
    - target: {fileID: 4568427819527816, guid: eda412fee669806468777a07a50cbe59, type: 3}
      propertyPath: m_RootOrder
      value: 3
      objectReference: {fileID: 0}
    - target: {fileID: 4568427819527816, guid: eda412fee669806468777a07a50cbe59, type: 3}
      propertyPath: m_LocalEulerAnglesHint.x
      value: 0
      objectReference: {fileID: 0}
    - target: {fileID: 4568427819527816, guid: eda412fee669806468777a07a50cbe59, type: 3}
      propertyPath: m_LocalEulerAnglesHint.y
      value: 0
      objectReference: {fileID: 0}
    - target: {fileID: 4568427819527816, guid: eda412fee669806468777a07a50cbe59, type: 3}
      propertyPath: m_LocalEulerAnglesHint.z
      value: 0
      objectReference: {fileID: 0}
    m_RemovedComponents: []
  m_SourcePrefab: {fileID: 100100000, guid: eda412fee669806468777a07a50cbe59, type: 3}
--- !u!1 &3640241362957121144 stripped
GameObject:
  m_CorrespondingSourceObject: {fileID: 1795941953813262, guid: eda412fee669806468777a07a50cbe59,
    type: 3}
  m_PrefabInstance: {fileID: 3639714843684998518}
  m_PrefabAsset: {fileID: 0}
--- !u!4 &3644229758190019582 stripped
Transform:
  m_CorrespondingSourceObject: {fileID: 4568427819527816, guid: eda412fee669806468777a07a50cbe59,
    type: 3}
  m_PrefabInstance: {fileID: 3639714843684998518}
  m_PrefabAsset: {fileID: 0}
--- !u!1001 &4367844378076028945
PrefabInstance:
  m_ObjectHideFlags: 0
  serializedVersion: 2
  m_Modification:
    m_TransformParent: {fileID: 4367844377547646989}
    m_Modifications:
    - target: {fileID: 1042753228856018, guid: 1af230abfdcb5dc479f6722b1f14a2fd, type: 3}
      propertyPath: m_Name
      value: Bear
      objectReference: {fileID: 0}
    - target: {fileID: 1042753228856018, guid: 1af230abfdcb5dc479f6722b1f14a2fd, type: 3}
      propertyPath: m_IsActive
      value: 0
      objectReference: {fileID: 0}
    - target: {fileID: 4925620406897788, guid: 1af230abfdcb5dc479f6722b1f14a2fd, type: 3}
      propertyPath: m_LocalPosition.x
      value: 0
      objectReference: {fileID: 0}
    - target: {fileID: 4925620406897788, guid: 1af230abfdcb5dc479f6722b1f14a2fd, type: 3}
      propertyPath: m_LocalPosition.y
      value: 0
      objectReference: {fileID: 0}
    - target: {fileID: 4925620406897788, guid: 1af230abfdcb5dc479f6722b1f14a2fd, type: 3}
      propertyPath: m_LocalPosition.z
      value: 0
      objectReference: {fileID: 0}
    - target: {fileID: 4925620406897788, guid: 1af230abfdcb5dc479f6722b1f14a2fd, type: 3}
      propertyPath: m_LocalRotation.x
      value: 0
      objectReference: {fileID: 0}
    - target: {fileID: 4925620406897788, guid: 1af230abfdcb5dc479f6722b1f14a2fd, type: 3}
      propertyPath: m_LocalRotation.y
      value: 0
      objectReference: {fileID: 0}
    - target: {fileID: 4925620406897788, guid: 1af230abfdcb5dc479f6722b1f14a2fd, type: 3}
      propertyPath: m_LocalRotation.z
      value: 0
      objectReference: {fileID: 0}
    - target: {fileID: 4925620406897788, guid: 1af230abfdcb5dc479f6722b1f14a2fd, type: 3}
      propertyPath: m_LocalRotation.w
      value: 1
      objectReference: {fileID: 0}
    - target: {fileID: 4925620406897788, guid: 1af230abfdcb5dc479f6722b1f14a2fd, type: 3}
      propertyPath: m_RootOrder
      value: 0
      objectReference: {fileID: 0}
    - target: {fileID: 4925620406897788, guid: 1af230abfdcb5dc479f6722b1f14a2fd, type: 3}
      propertyPath: m_LocalEulerAnglesHint.x
      value: 0
      objectReference: {fileID: 0}
    - target: {fileID: 4925620406897788, guid: 1af230abfdcb5dc479f6722b1f14a2fd, type: 3}
      propertyPath: m_LocalEulerAnglesHint.y
      value: 0
      objectReference: {fileID: 0}
    - target: {fileID: 4925620406897788, guid: 1af230abfdcb5dc479f6722b1f14a2fd, type: 3}
      propertyPath: m_LocalEulerAnglesHint.z
      value: 0
      objectReference: {fileID: 0}
    m_RemovedComponents: []
  m_SourcePrefab: {fileID: 100100000, guid: 1af230abfdcb5dc479f6722b1f14a2fd, type: 3}
--- !u!4 &4363087000749632621 stripped
Transform:
  m_CorrespondingSourceObject: {fileID: 4925620406897788, guid: 1af230abfdcb5dc479f6722b1f14a2fd,
    type: 3}
  m_PrefabInstance: {fileID: 4367844378076028945}
  m_PrefabAsset: {fileID: 0}
--- !u!1 &4367936595809270467 stripped
GameObject:
  m_CorrespondingSourceObject: {fileID: 1042753228856018, guid: 1af230abfdcb5dc479f6722b1f14a2fd,
    type: 3}
  m_PrefabInstance: {fileID: 4367844378076028945}
  m_PrefabAsset: {fileID: 0}
--- !u!1001 &4655681612294329558
PrefabInstance:
  m_ObjectHideFlags: 0
  serializedVersion: 2
  m_Modification:
    m_TransformParent: {fileID: 4367844377547646989}
    m_Modifications:
    - target: {fileID: 1123422977510952, guid: dae209f7110f8ba43b3c9740e277671e, type: 3}
      propertyPath: m_Name
      value: Lion
      objectReference: {fileID: 0}
    - target: {fileID: 1123422977510952, guid: dae209f7110f8ba43b3c9740e277671e, type: 3}
      propertyPath: m_IsActive
      value: 0
      objectReference: {fileID: 0}
    - target: {fileID: 4611099874827950, guid: dae209f7110f8ba43b3c9740e277671e, type: 3}
      propertyPath: m_LocalPosition.x
      value: 0
      objectReference: {fileID: 0}
    - target: {fileID: 4611099874827950, guid: dae209f7110f8ba43b3c9740e277671e, type: 3}
      propertyPath: m_LocalPosition.y
      value: 0
      objectReference: {fileID: 0}
    - target: {fileID: 4611099874827950, guid: dae209f7110f8ba43b3c9740e277671e, type: 3}
      propertyPath: m_LocalPosition.z
      value: 0
      objectReference: {fileID: 0}
    - target: {fileID: 4611099874827950, guid: dae209f7110f8ba43b3c9740e277671e, type: 3}
      propertyPath: m_LocalRotation.x
      value: 0
      objectReference: {fileID: 0}
    - target: {fileID: 4611099874827950, guid: dae209f7110f8ba43b3c9740e277671e, type: 3}
      propertyPath: m_LocalRotation.y
      value: 0
      objectReference: {fileID: 0}
    - target: {fileID: 4611099874827950, guid: dae209f7110f8ba43b3c9740e277671e, type: 3}
      propertyPath: m_LocalRotation.z
      value: 0
      objectReference: {fileID: 0}
    - target: {fileID: 4611099874827950, guid: dae209f7110f8ba43b3c9740e277671e, type: 3}
      propertyPath: m_LocalRotation.w
      value: 1
      objectReference: {fileID: 0}
    - target: {fileID: 4611099874827950, guid: dae209f7110f8ba43b3c9740e277671e, type: 3}
      propertyPath: m_RootOrder
      value: 13
      objectReference: {fileID: 0}
    - target: {fileID: 4611099874827950, guid: dae209f7110f8ba43b3c9740e277671e, type: 3}
      propertyPath: m_LocalEulerAnglesHint.x
      value: 0
      objectReference: {fileID: 0}
    - target: {fileID: 4611099874827950, guid: dae209f7110f8ba43b3c9740e277671e, type: 3}
      propertyPath: m_LocalEulerAnglesHint.y
      value: 0
      objectReference: {fileID: 0}
    - target: {fileID: 4611099874827950, guid: dae209f7110f8ba43b3c9740e277671e, type: 3}
      propertyPath: m_LocalEulerAnglesHint.z
      value: 0
      objectReference: {fileID: 0}
    m_RemovedComponents: []
  m_SourcePrefab: {fileID: 100100000, guid: dae209f7110f8ba43b3c9740e277671e, type: 3}
--- !u!1 &4656634591642049278 stripped
GameObject:
  m_CorrespondingSourceObject: {fileID: 1123422977510952, guid: dae209f7110f8ba43b3c9740e277671e,
    type: 3}
  m_PrefabInstance: {fileID: 4655681612294329558}
  m_PrefabAsset: {fileID: 0}
--- !u!4 &4651140924448901752 stripped
Transform:
  m_CorrespondingSourceObject: {fileID: 4611099874827950, guid: dae209f7110f8ba43b3c9740e277671e,
    type: 3}
  m_PrefabInstance: {fileID: 4655681612294329558}
  m_PrefabAsset: {fileID: 0}
--- !u!1001 &5195280098468543705
PrefabInstance:
  m_ObjectHideFlags: 0
  serializedVersion: 2
  m_Modification:
    m_TransformParent: {fileID: 4367844377547646989}
    m_Modifications:
    - target: {fileID: 1277140579145558, guid: e2cb52c883d56a6439972b57254d4a0c, type: 3}
      propertyPath: m_Name
      value: Chick
      objectReference: {fileID: 0}
    - target: {fileID: 1277140579145558, guid: e2cb52c883d56a6439972b57254d4a0c, type: 3}
      propertyPath: m_IsActive
      value: 0
      objectReference: {fileID: 0}
    - target: {fileID: 4469432401116322, guid: e2cb52c883d56a6439972b57254d4a0c, type: 3}
      propertyPath: m_LocalPosition.x
      value: 0
      objectReference: {fileID: 0}
    - target: {fileID: 4469432401116322, guid: e2cb52c883d56a6439972b57254d4a0c, type: 3}
      propertyPath: m_LocalPosition.y
      value: 0
      objectReference: {fileID: 0}
    - target: {fileID: 4469432401116322, guid: e2cb52c883d56a6439972b57254d4a0c, type: 3}
      propertyPath: m_LocalPosition.z
      value: 0
      objectReference: {fileID: 0}
    - target: {fileID: 4469432401116322, guid: e2cb52c883d56a6439972b57254d4a0c, type: 3}
      propertyPath: m_LocalRotation.x
      value: 0
      objectReference: {fileID: 0}
    - target: {fileID: 4469432401116322, guid: e2cb52c883d56a6439972b57254d4a0c, type: 3}
      propertyPath: m_LocalRotation.y
      value: 0
      objectReference: {fileID: 0}
    - target: {fileID: 4469432401116322, guid: e2cb52c883d56a6439972b57254d4a0c, type: 3}
      propertyPath: m_LocalRotation.z
      value: 0
      objectReference: {fileID: 0}
    - target: {fileID: 4469432401116322, guid: e2cb52c883d56a6439972b57254d4a0c, type: 3}
      propertyPath: m_LocalRotation.w
      value: 1
      objectReference: {fileID: 0}
    - target: {fileID: 4469432401116322, guid: e2cb52c883d56a6439972b57254d4a0c, type: 3}
      propertyPath: m_RootOrder
      value: 4
      objectReference: {fileID: 0}
    - target: {fileID: 4469432401116322, guid: e2cb52c883d56a6439972b57254d4a0c, type: 3}
      propertyPath: m_LocalEulerAnglesHint.x
      value: 0
      objectReference: {fileID: 0}
    - target: {fileID: 4469432401116322, guid: e2cb52c883d56a6439972b57254d4a0c, type: 3}
      propertyPath: m_LocalEulerAnglesHint.y
      value: 0
      objectReference: {fileID: 0}
    - target: {fileID: 4469432401116322, guid: e2cb52c883d56a6439972b57254d4a0c, type: 3}
      propertyPath: m_LocalEulerAnglesHint.z
      value: 0
      objectReference: {fileID: 0}
    m_RemovedComponents: []
  m_SourcePrefab: {fileID: 100100000, guid: e2cb52c883d56a6439972b57254d4a0c, type: 3}
--- !u!1 &5196553861037550479 stripped
GameObject:
  m_CorrespondingSourceObject: {fileID: 1277140579145558, guid: e2cb52c883d56a6439972b57254d4a0c,
    type: 3}
  m_PrefabInstance: {fileID: 5195280098468543705}
  m_PrefabAsset: {fileID: 0}
--- !u!4 &5194540798523342971 stripped
Transform:
  m_CorrespondingSourceObject: {fileID: 4469432401116322, guid: e2cb52c883d56a6439972b57254d4a0c,
    type: 3}
  m_PrefabInstance: {fileID: 5195280098468543705}
  m_PrefabAsset: {fileID: 0}
--- !u!1001 &5210316306147141842
PrefabInstance:
  m_ObjectHideFlags: 0
  serializedVersion: 2
  m_Modification:
    m_TransformParent: {fileID: 4367844377547646989}
    m_Modifications:
    - target: {fileID: 1505308878844450, guid: 3301e6176c4a6fd4c905e3c12c21ada3, type: 3}
      propertyPath: m_Name
      value: Lizard
      objectReference: {fileID: 0}
    - target: {fileID: 1505308878844450, guid: 3301e6176c4a6fd4c905e3c12c21ada3, type: 3}
      propertyPath: m_IsActive
      value: 0
      objectReference: {fileID: 0}
    - target: {fileID: 4173535057559874, guid: 3301e6176c4a6fd4c905e3c12c21ada3, type: 3}
      propertyPath: m_LocalPosition.x
      value: 0
      objectReference: {fileID: 0}
    - target: {fileID: 4173535057559874, guid: 3301e6176c4a6fd4c905e3c12c21ada3, type: 3}
      propertyPath: m_LocalPosition.y
      value: 0
      objectReference: {fileID: 0}
    - target: {fileID: 4173535057559874, guid: 3301e6176c4a6fd4c905e3c12c21ada3, type: 3}
      propertyPath: m_LocalPosition.z
      value: 0
      objectReference: {fileID: 0}
    - target: {fileID: 4173535057559874, guid: 3301e6176c4a6fd4c905e3c12c21ada3, type: 3}
      propertyPath: m_LocalRotation.x
      value: 0
      objectReference: {fileID: 0}
    - target: {fileID: 4173535057559874, guid: 3301e6176c4a6fd4c905e3c12c21ada3, type: 3}
      propertyPath: m_LocalRotation.y
      value: 0
      objectReference: {fileID: 0}
    - target: {fileID: 4173535057559874, guid: 3301e6176c4a6fd4c905e3c12c21ada3, type: 3}
      propertyPath: m_LocalRotation.z
      value: 0
      objectReference: {fileID: 0}
    - target: {fileID: 4173535057559874, guid: 3301e6176c4a6fd4c905e3c12c21ada3, type: 3}
      propertyPath: m_LocalRotation.w
      value: 1
      objectReference: {fileID: 0}
    - target: {fileID: 4173535057559874, guid: 3301e6176c4a6fd4c905e3c12c21ada3, type: 3}
      propertyPath: m_RootOrder
      value: 14
      objectReference: {fileID: 0}
    - target: {fileID: 4173535057559874, guid: 3301e6176c4a6fd4c905e3c12c21ada3, type: 3}
      propertyPath: m_LocalEulerAnglesHint.x
      value: 0
      objectReference: {fileID: 0}
    - target: {fileID: 4173535057559874, guid: 3301e6176c4a6fd4c905e3c12c21ada3, type: 3}
      propertyPath: m_LocalEulerAnglesHint.y
      value: 0
      objectReference: {fileID: 0}
    - target: {fileID: 4173535057559874, guid: 3301e6176c4a6fd4c905e3c12c21ada3, type: 3}
      propertyPath: m_LocalEulerAnglesHint.z
      value: 0
      objectReference: {fileID: 0}
    m_RemovedComponents: []
  m_SourcePrefab: {fileID: 100100000, guid: 3301e6176c4a6fd4c905e3c12c21ada3, type: 3}
--- !u!1 &5209426724048296688 stripped
GameObject:
  m_CorrespondingSourceObject: {fileID: 1505308878844450, guid: 3301e6176c4a6fd4c905e3c12c21ada3,
    type: 3}
  m_PrefabInstance: {fileID: 5210316306147141842}
  m_PrefabAsset: {fileID: 0}
--- !u!4 &5206179714535991696 stripped
Transform:
  m_CorrespondingSourceObject: {fileID: 4173535057559874, guid: 3301e6176c4a6fd4c905e3c12c21ada3,
    type: 3}
  m_PrefabInstance: {fileID: 5210316306147141842}
  m_PrefabAsset: {fileID: 0}
--- !u!1001 &6226259248509438636
PrefabInstance:
  m_ObjectHideFlags: 0
  serializedVersion: 2
  m_Modification:
    m_TransformParent: {fileID: 4367844377547646989}
    m_Modifications:
    - target: {fileID: 1458080912806766, guid: 8bca1e3de9e58564e83369c8e9a783dc, type: 3}
      propertyPath: m_Name
      value: Cow
      objectReference: {fileID: 0}
    - target: {fileID: 1458080912806766, guid: 8bca1e3de9e58564e83369c8e9a783dc, type: 3}
      propertyPath: m_IsActive
      value: 0
      objectReference: {fileID: 0}
    - target: {fileID: 4722346233573310, guid: 8bca1e3de9e58564e83369c8e9a783dc, type: 3}
      propertyPath: m_LocalPosition.x
      value: 0
      objectReference: {fileID: 0}
    - target: {fileID: 4722346233573310, guid: 8bca1e3de9e58564e83369c8e9a783dc, type: 3}
      propertyPath: m_LocalPosition.y
      value: 0
      objectReference: {fileID: 0}
    - target: {fileID: 4722346233573310, guid: 8bca1e3de9e58564e83369c8e9a783dc, type: 3}
      propertyPath: m_LocalPosition.z
      value: 0
      objectReference: {fileID: 0}
    - target: {fileID: 4722346233573310, guid: 8bca1e3de9e58564e83369c8e9a783dc, type: 3}
      propertyPath: m_LocalRotation.x
      value: 0
      objectReference: {fileID: 0}
    - target: {fileID: 4722346233573310, guid: 8bca1e3de9e58564e83369c8e9a783dc, type: 3}
      propertyPath: m_LocalRotation.y
      value: 0
      objectReference: {fileID: 0}
    - target: {fileID: 4722346233573310, guid: 8bca1e3de9e58564e83369c8e9a783dc, type: 3}
      propertyPath: m_LocalRotation.z
      value: 0
      objectReference: {fileID: 0}
    - target: {fileID: 4722346233573310, guid: 8bca1e3de9e58564e83369c8e9a783dc, type: 3}
      propertyPath: m_LocalRotation.w
      value: 1
      objectReference: {fileID: 0}
    - target: {fileID: 4722346233573310, guid: 8bca1e3de9e58564e83369c8e9a783dc, type: 3}
      propertyPath: m_RootOrder
      value: 6
      objectReference: {fileID: 0}
    - target: {fileID: 4722346233573310, guid: 8bca1e3de9e58564e83369c8e9a783dc, type: 3}
      propertyPath: m_LocalEulerAnglesHint.x
      value: 0
      objectReference: {fileID: 0}
    - target: {fileID: 4722346233573310, guid: 8bca1e3de9e58564e83369c8e9a783dc, type: 3}
      propertyPath: m_LocalEulerAnglesHint.y
      value: 0
      objectReference: {fileID: 0}
    - target: {fileID: 4722346233573310, guid: 8bca1e3de9e58564e83369c8e9a783dc, type: 3}
      propertyPath: m_LocalEulerAnglesHint.z
      value: 0
      objectReference: {fileID: 0}
    m_RemovedComponents: []
  m_SourcePrefab: {fileID: 100100000, guid: 8bca1e3de9e58564e83369c8e9a783dc, type: 3}
--- !u!1 &6227690834749938114 stripped
GameObject:
  m_CorrespondingSourceObject: {fileID: 1458080912806766, guid: 8bca1e3de9e58564e83369c8e9a783dc,
    type: 3}
  m_PrefabInstance: {fileID: 6226259248509438636}
  m_PrefabAsset: {fileID: 0}
--- !u!4 &6230971146136151314 stripped
Transform:
  m_CorrespondingSourceObject: {fileID: 4722346233573310, guid: 8bca1e3de9e58564e83369c8e9a783dc,
    type: 3}
  m_PrefabInstance: {fileID: 6226259248509438636}
  m_PrefabAsset: {fileID: 0}
--- !u!1001 &6500892745225261047
PrefabInstance:
  m_ObjectHideFlags: 0
  serializedVersion: 2
  m_Modification:
    m_TransformParent: {fileID: 4367844377547646989}
    m_Modifications:
    - target: {fileID: 1079714181109206, guid: 2f2d25c34b7dcaa478ed59d3a9ab9e9f, type: 3}
      propertyPath: m_Name
      value: Turtle
      objectReference: {fileID: 0}
    - target: {fileID: 1079714181109206, guid: 2f2d25c34b7dcaa478ed59d3a9ab9e9f, type: 3}
      propertyPath: m_IsActive
      value: 0
      objectReference: {fileID: 0}
    - target: {fileID: 4881557845238512, guid: 2f2d25c34b7dcaa478ed59d3a9ab9e9f, type: 3}
      propertyPath: m_LocalPosition.x
      value: 0
      objectReference: {fileID: 0}
    - target: {fileID: 4881557845238512, guid: 2f2d25c34b7dcaa478ed59d3a9ab9e9f, type: 3}
      propertyPath: m_LocalPosition.y
      value: 0
      objectReference: {fileID: 0}
    - target: {fileID: 4881557845238512, guid: 2f2d25c34b7dcaa478ed59d3a9ab9e9f, type: 3}
      propertyPath: m_LocalPosition.z
      value: 0
      objectReference: {fileID: 0}
    - target: {fileID: 4881557845238512, guid: 2f2d25c34b7dcaa478ed59d3a9ab9e9f, type: 3}
      propertyPath: m_LocalRotation.x
      value: 0
      objectReference: {fileID: 0}
    - target: {fileID: 4881557845238512, guid: 2f2d25c34b7dcaa478ed59d3a9ab9e9f, type: 3}
      propertyPath: m_LocalRotation.y
      value: 0
      objectReference: {fileID: 0}
    - target: {fileID: 4881557845238512, guid: 2f2d25c34b7dcaa478ed59d3a9ab9e9f, type: 3}
      propertyPath: m_LocalRotation.z
      value: 0
      objectReference: {fileID: 0}
    - target: {fileID: 4881557845238512, guid: 2f2d25c34b7dcaa478ed59d3a9ab9e9f, type: 3}
      propertyPath: m_LocalRotation.w
      value: 1
      objectReference: {fileID: 0}
    - target: {fileID: 4881557845238512, guid: 2f2d25c34b7dcaa478ed59d3a9ab9e9f, type: 3}
      propertyPath: m_RootOrder
      value: 19
      objectReference: {fileID: 0}
    - target: {fileID: 4881557845238512, guid: 2f2d25c34b7dcaa478ed59d3a9ab9e9f, type: 3}
      propertyPath: m_LocalEulerAnglesHint.x
      value: 0
      objectReference: {fileID: 0}
    - target: {fileID: 4881557845238512, guid: 2f2d25c34b7dcaa478ed59d3a9ab9e9f, type: 3}
      propertyPath: m_LocalEulerAnglesHint.y
      value: 0
      objectReference: {fileID: 0}
    - target: {fileID: 4881557845238512, guid: 2f2d25c34b7dcaa478ed59d3a9ab9e9f, type: 3}
      propertyPath: m_LocalEulerAnglesHint.z
      value: 0
      objectReference: {fileID: 0}
    m_RemovedComponents: []
  m_SourcePrefab: {fileID: 100100000, guid: 2f2d25c34b7dcaa478ed59d3a9ab9e9f, type: 3}
--- !u!1 &6499849285271132705 stripped
GameObject:
  m_CorrespondingSourceObject: {fileID: 1079714181109206, guid: 2f2d25c34b7dcaa478ed59d3a9ab9e9f,
    type: 3}
  m_PrefabInstance: {fileID: 6500892745225261047}
  m_PrefabAsset: {fileID: 0}
--- !u!4 &6496046923697368327 stripped
Transform:
  m_CorrespondingSourceObject: {fileID: 4881557845238512, guid: 2f2d25c34b7dcaa478ed59d3a9ab9e9f,
    type: 3}
  m_PrefabInstance: {fileID: 6500892745225261047}
  m_PrefabAsset: {fileID: 0}
--- !u!1001 &7523826635595228172
PrefabInstance:
  m_ObjectHideFlags: 0
  serializedVersion: 2
  m_Modification:
    m_TransformParent: {fileID: 4367844377547646989}
    m_Modifications:
    - target: {fileID: 1457399783220848, guid: c4cf557f80d3a7f428f57de5f9bd9c14, type: 3}
      propertyPath: m_Name
      value: Horse
      objectReference: {fileID: 0}
    - target: {fileID: 1457399783220848, guid: c4cf557f80d3a7f428f57de5f9bd9c14, type: 3}
      propertyPath: m_IsActive
      value: 0
      objectReference: {fileID: 0}
    - target: {fileID: 4115821965670878, guid: c4cf557f80d3a7f428f57de5f9bd9c14, type: 3}
      propertyPath: m_LocalPosition.x
      value: 0
      objectReference: {fileID: 0}
    - target: {fileID: 4115821965670878, guid: c4cf557f80d3a7f428f57de5f9bd9c14, type: 3}
      propertyPath: m_LocalPosition.y
      value: 0
      objectReference: {fileID: 0}
    - target: {fileID: 4115821965670878, guid: c4cf557f80d3a7f428f57de5f9bd9c14, type: 3}
      propertyPath: m_LocalPosition.z
      value: 0
      objectReference: {fileID: 0}
    - target: {fileID: 4115821965670878, guid: c4cf557f80d3a7f428f57de5f9bd9c14, type: 3}
      propertyPath: m_LocalRotation.x
      value: 0
      objectReference: {fileID: 0}
    - target: {fileID: 4115821965670878, guid: c4cf557f80d3a7f428f57de5f9bd9c14, type: 3}
      propertyPath: m_LocalRotation.y
      value: 0
      objectReference: {fileID: 0}
    - target: {fileID: 4115821965670878, guid: c4cf557f80d3a7f428f57de5f9bd9c14, type: 3}
      propertyPath: m_LocalRotation.z
      value: 0
      objectReference: {fileID: 0}
    - target: {fileID: 4115821965670878, guid: c4cf557f80d3a7f428f57de5f9bd9c14, type: 3}
      propertyPath: m_LocalRotation.w
      value: 1
      objectReference: {fileID: 0}
    - target: {fileID: 4115821965670878, guid: c4cf557f80d3a7f428f57de5f9bd9c14, type: 3}
      propertyPath: m_RootOrder
      value: 12
      objectReference: {fileID: 0}
    - target: {fileID: 4115821965670878, guid: c4cf557f80d3a7f428f57de5f9bd9c14, type: 3}
      propertyPath: m_LocalEulerAnglesHint.x
      value: 0
      objectReference: {fileID: 0}
    - target: {fileID: 4115821965670878, guid: c4cf557f80d3a7f428f57de5f9bd9c14, type: 3}
      propertyPath: m_LocalEulerAnglesHint.y
      value: 0
      objectReference: {fileID: 0}
    - target: {fileID: 4115821965670878, guid: c4cf557f80d3a7f428f57de5f9bd9c14, type: 3}
      propertyPath: m_LocalEulerAnglesHint.z
      value: 0
      objectReference: {fileID: 0}
    m_RemovedComponents: []
  m_SourcePrefab: {fileID: 100100000, guid: c4cf557f80d3a7f428f57de5f9bd9c14, type: 3}
--- !u!4 &7522312268348808658 stripped
Transform:
  m_CorrespondingSourceObject: {fileID: 4115821965670878, guid: c4cf557f80d3a7f428f57de5f9bd9c14,
    type: 3}
  m_PrefabInstance: {fileID: 7523826635595228172}
  m_PrefabAsset: {fileID: 0}
--- !u!1 &7525283019475206780 stripped
GameObject:
  m_CorrespondingSourceObject: {fileID: 1457399783220848, guid: c4cf557f80d3a7f428f57de5f9bd9c14,
    type: 3}
  m_PrefabInstance: {fileID: 7523826635595228172}
  m_PrefabAsset: {fileID: 0}
--- !u!1001 &7734545639107986388
PrefabInstance:
  m_ObjectHideFlags: 0
  serializedVersion: 2
  m_Modification:
    m_TransformParent: {fileID: 4367844377547646989}
    m_Modifications:
    - target: {fileID: 1464386534553952, guid: 0eece3f51c4a73c4a8e0631d5918dbb6, type: 3}
      propertyPath: m_Name
      value: Fox
      objectReference: {fileID: 0}
    - target: {fileID: 1464386534553952, guid: 0eece3f51c4a73c4a8e0631d5918dbb6, type: 3}
      propertyPath: m_IsActive
      value: 0
      objectReference: {fileID: 0}
    - target: {fileID: 4683661912645336, guid: 0eece3f51c4a73c4a8e0631d5918dbb6, type: 3}
      propertyPath: m_LocalPosition.x
      value: 0
      objectReference: {fileID: 0}
    - target: {fileID: 4683661912645336, guid: 0eece3f51c4a73c4a8e0631d5918dbb6, type: 3}
      propertyPath: m_LocalPosition.y
      value: 0
      objectReference: {fileID: 0}
    - target: {fileID: 4683661912645336, guid: 0eece3f51c4a73c4a8e0631d5918dbb6, type: 3}
      propertyPath: m_LocalPosition.z
      value: 0
      objectReference: {fileID: 0}
    - target: {fileID: 4683661912645336, guid: 0eece3f51c4a73c4a8e0631d5918dbb6, type: 3}
      propertyPath: m_LocalRotation.x
      value: 0
      objectReference: {fileID: 0}
    - target: {fileID: 4683661912645336, guid: 0eece3f51c4a73c4a8e0631d5918dbb6, type: 3}
      propertyPath: m_LocalRotation.y
      value: 0
      objectReference: {fileID: 0}
    - target: {fileID: 4683661912645336, guid: 0eece3f51c4a73c4a8e0631d5918dbb6, type: 3}
      propertyPath: m_LocalRotation.z
      value: 0
      objectReference: {fileID: 0}
    - target: {fileID: 4683661912645336, guid: 0eece3f51c4a73c4a8e0631d5918dbb6, type: 3}
      propertyPath: m_LocalRotation.w
      value: 1
      objectReference: {fileID: 0}
    - target: {fileID: 4683661912645336, guid: 0eece3f51c4a73c4a8e0631d5918dbb6, type: 3}
      propertyPath: m_RootOrder
      value: 10
      objectReference: {fileID: 0}
    - target: {fileID: 4683661912645336, guid: 0eece3f51c4a73c4a8e0631d5918dbb6, type: 3}
      propertyPath: m_LocalEulerAnglesHint.x
      value: 0
      objectReference: {fileID: 0}
    - target: {fileID: 4683661912645336, guid: 0eece3f51c4a73c4a8e0631d5918dbb6, type: 3}
      propertyPath: m_LocalEulerAnglesHint.y
      value: 0
      objectReference: {fileID: 0}
    - target: {fileID: 4683661912645336, guid: 0eece3f51c4a73c4a8e0631d5918dbb6, type: 3}
      propertyPath: m_LocalEulerAnglesHint.z
      value: 0
      objectReference: {fileID: 0}
    m_RemovedComponents: []
  m_SourcePrefab: {fileID: 100100000, guid: 0eece3f51c4a73c4a8e0631d5918dbb6, type: 3}
--- !u!4 &7729869673794706700 stripped
Transform:
  m_CorrespondingSourceObject: {fileID: 4683661912645336, guid: 0eece3f51c4a73c4a8e0631d5918dbb6,
    type: 3}
  m_PrefabInstance: {fileID: 7734545639107986388}
  m_PrefabAsset: {fileID: 0}
--- !u!1 &7733687289945045684 stripped
GameObject:
  m_CorrespondingSourceObject: {fileID: 1464386534553952, guid: 0eece3f51c4a73c4a8e0631d5918dbb6,
    type: 3}
  m_PrefabInstance: {fileID: 7734545639107986388}
  m_PrefabAsset: {fileID: 0}
--- !u!1001 &7895910254684028019
PrefabInstance:
  m_ObjectHideFlags: 0
  serializedVersion: 2
  m_Modification:
    m_TransformParent: {fileID: 4367844377547646989}
    m_Modifications:
    - target: {fileID: 1813571009131466, guid: 7c3300d4780dde74f930b3c0e6da6a16, type: 3}
      propertyPath: m_Name
      value: Chicken
      objectReference: {fileID: 0}
    - target: {fileID: 4378556093580044, guid: 7c3300d4780dde74f930b3c0e6da6a16, type: 3}
      propertyPath: m_LocalPosition.x
      value: 0
      objectReference: {fileID: 0}
    - target: {fileID: 4378556093580044, guid: 7c3300d4780dde74f930b3c0e6da6a16, type: 3}
      propertyPath: m_LocalPosition.y
      value: 0
      objectReference: {fileID: 0}
    - target: {fileID: 4378556093580044, guid: 7c3300d4780dde74f930b3c0e6da6a16, type: 3}
      propertyPath: m_LocalPosition.z
      value: 0
      objectReference: {fileID: 0}
    - target: {fileID: 4378556093580044, guid: 7c3300d4780dde74f930b3c0e6da6a16, type: 3}
      propertyPath: m_LocalRotation.x
      value: 0
      objectReference: {fileID: 0}
    - target: {fileID: 4378556093580044, guid: 7c3300d4780dde74f930b3c0e6da6a16, type: 3}
      propertyPath: m_LocalRotation.y
      value: 0
      objectReference: {fileID: 0}
    - target: {fileID: 4378556093580044, guid: 7c3300d4780dde74f930b3c0e6da6a16, type: 3}
      propertyPath: m_LocalRotation.z
      value: 0
      objectReference: {fileID: 0}
    - target: {fileID: 4378556093580044, guid: 7c3300d4780dde74f930b3c0e6da6a16, type: 3}
      propertyPath: m_LocalRotation.w
      value: 1
      objectReference: {fileID: 0}
    - target: {fileID: 4378556093580044, guid: 7c3300d4780dde74f930b3c0e6da6a16, type: 3}
      propertyPath: m_RootOrder
      value: 5
      objectReference: {fileID: 0}
    - target: {fileID: 4378556093580044, guid: 7c3300d4780dde74f930b3c0e6da6a16, type: 3}
      propertyPath: m_LocalEulerAnglesHint.x
      value: 0
      objectReference: {fileID: 0}
    - target: {fileID: 4378556093580044, guid: 7c3300d4780dde74f930b3c0e6da6a16, type: 3}
      propertyPath: m_LocalEulerAnglesHint.y
      value: 0
      objectReference: {fileID: 0}
    - target: {fileID: 4378556093580044, guid: 7c3300d4780dde74f930b3c0e6da6a16, type: 3}
      propertyPath: m_LocalEulerAnglesHint.z
      value: 0
      objectReference: {fileID: 0}
    m_RemovedComponents: []
  m_SourcePrefab: {fileID: 100100000, guid: 7c3300d4780dde74f930b3c0e6da6a16, type: 3}
--- !u!1 &7896386727051792313 stripped
GameObject:
  m_CorrespondingSourceObject: {fileID: 1813571009131466, guid: 7c3300d4780dde74f930b3c0e6da6a16,
    type: 3}
  m_PrefabInstance: {fileID: 7895910254684028019}
  m_PrefabAsset: {fileID: 0}
--- !u!4 &7898300876557156223 stripped
Transform:
  m_CorrespondingSourceObject: {fileID: 4378556093580044, guid: 7c3300d4780dde74f930b3c0e6da6a16,
    type: 3}
  m_PrefabInstance: {fileID: 7895910254684028019}
  m_PrefabAsset: {fileID: 0}
--- !u!1001 &8479157713073140916
PrefabInstance:
  m_ObjectHideFlags: 0
  serializedVersion: 2
  m_Modification:
    m_TransformParent: {fileID: 4367844377547646989}
    m_Modifications:
    - target: {fileID: 1067654494659306, guid: 2a0265179ac066c4a972a7197f7deeb5, type: 3}
      propertyPath: m_Name
      value: Wolf
      objectReference: {fileID: 0}
    - target: {fileID: 1067654494659306, guid: 2a0265179ac066c4a972a7197f7deeb5, type: 3}
      propertyPath: m_IsActive
      value: 0
      objectReference: {fileID: 0}
    - target: {fileID: 4099667732505162, guid: 2a0265179ac066c4a972a7197f7deeb5, type: 3}
      propertyPath: m_LocalPosition.x
      value: 0
      objectReference: {fileID: 0}
    - target: {fileID: 4099667732505162, guid: 2a0265179ac066c4a972a7197f7deeb5, type: 3}
      propertyPath: m_LocalPosition.y
      value: 0
      objectReference: {fileID: 0}
    - target: {fileID: 4099667732505162, guid: 2a0265179ac066c4a972a7197f7deeb5, type: 3}
      propertyPath: m_LocalPosition.z
      value: 0
      objectReference: {fileID: 0}
    - target: {fileID: 4099667732505162, guid: 2a0265179ac066c4a972a7197f7deeb5, type: 3}
      propertyPath: m_LocalRotation.x
      value: 0
      objectReference: {fileID: 0}
    - target: {fileID: 4099667732505162, guid: 2a0265179ac066c4a972a7197f7deeb5, type: 3}
      propertyPath: m_LocalRotation.y
      value: 0
      objectReference: {fileID: 0}
    - target: {fileID: 4099667732505162, guid: 2a0265179ac066c4a972a7197f7deeb5, type: 3}
      propertyPath: m_LocalRotation.z
      value: 0
      objectReference: {fileID: 0}
    - target: {fileID: 4099667732505162, guid: 2a0265179ac066c4a972a7197f7deeb5, type: 3}
      propertyPath: m_LocalRotation.w
      value: 1
      objectReference: {fileID: 0}
    - target: {fileID: 4099667732505162, guid: 2a0265179ac066c4a972a7197f7deeb5, type: 3}
      propertyPath: m_RootOrder
      value: 20
      objectReference: {fileID: 0}
    - target: {fileID: 4099667732505162, guid: 2a0265179ac066c4a972a7197f7deeb5, type: 3}
      propertyPath: m_LocalEulerAnglesHint.x
      value: 0
      objectReference: {fileID: 0}
    - target: {fileID: 4099667732505162, guid: 2a0265179ac066c4a972a7197f7deeb5, type: 3}
      propertyPath: m_LocalEulerAnglesHint.y
      value: 0
      objectReference: {fileID: 0}
    - target: {fileID: 4099667732505162, guid: 2a0265179ac066c4a972a7197f7deeb5, type: 3}
      propertyPath: m_LocalEulerAnglesHint.z
      value: 0
      objectReference: {fileID: 0}
    m_RemovedComponents: []
  m_SourcePrefab: {fileID: 100100000, guid: 2a0265179ac066c4a972a7197f7deeb5, type: 3}
--- !u!1 &8480223145655621214 stripped
GameObject:
  m_CorrespondingSourceObject: {fileID: 1067654494659306, guid: 2a0265179ac066c4a972a7197f7deeb5,
    type: 3}
  m_PrefabInstance: {fileID: 8479157713073140916}
  m_PrefabAsset: {fileID: 0}
--- !u!4 &8476501979145197310 stripped
Transform:
  m_CorrespondingSourceObject: {fileID: 4099667732505162, guid: 2a0265179ac066c4a972a7197f7deeb5,
    type: 3}
  m_PrefabInstance: {fileID: 8479157713073140916}
  m_PrefabAsset: {fileID: 0}
--- !u!1001 &8844906352193529591
PrefabInstance:
  m_ObjectHideFlags: 0
  serializedVersion: 2
  m_Modification:
    m_TransformParent: {fileID: 4367844377547646989}
    m_Modifications:
    - target: {fileID: 1373778854063832, guid: aaf2c3d0dd3161e479b9a73100e3bdbf, type: 3}
      propertyPath: m_Name
      value: Duck
      objectReference: {fileID: 0}
    - target: {fileID: 1373778854063832, guid: aaf2c3d0dd3161e479b9a73100e3bdbf, type: 3}
      propertyPath: m_IsActive
      value: 0
      objectReference: {fileID: 0}
    - target: {fileID: 4960835197061684, guid: aaf2c3d0dd3161e479b9a73100e3bdbf, type: 3}
      propertyPath: m_LocalPosition.x
      value: 0
      objectReference: {fileID: 0}
    - target: {fileID: 4960835197061684, guid: aaf2c3d0dd3161e479b9a73100e3bdbf, type: 3}
      propertyPath: m_LocalPosition.y
      value: 0
      objectReference: {fileID: 0}
    - target: {fileID: 4960835197061684, guid: aaf2c3d0dd3161e479b9a73100e3bdbf, type: 3}
      propertyPath: m_LocalPosition.z
      value: 0
      objectReference: {fileID: 0}
    - target: {fileID: 4960835197061684, guid: aaf2c3d0dd3161e479b9a73100e3bdbf, type: 3}
      propertyPath: m_LocalRotation.x
      value: 0
      objectReference: {fileID: 0}
    - target: {fileID: 4960835197061684, guid: aaf2c3d0dd3161e479b9a73100e3bdbf, type: 3}
      propertyPath: m_LocalRotation.y
      value: 0
      objectReference: {fileID: 0}
    - target: {fileID: 4960835197061684, guid: aaf2c3d0dd3161e479b9a73100e3bdbf, type: 3}
      propertyPath: m_LocalRotation.z
      value: 0
      objectReference: {fileID: 0}
    - target: {fileID: 4960835197061684, guid: aaf2c3d0dd3161e479b9a73100e3bdbf, type: 3}
      propertyPath: m_LocalRotation.w
      value: 1
      objectReference: {fileID: 0}
    - target: {fileID: 4960835197061684, guid: aaf2c3d0dd3161e479b9a73100e3bdbf, type: 3}
      propertyPath: m_RootOrder
      value: 9
      objectReference: {fileID: 0}
    - target: {fileID: 4960835197061684, guid: aaf2c3d0dd3161e479b9a73100e3bdbf, type: 3}
      propertyPath: m_LocalEulerAnglesHint.x
      value: 0
      objectReference: {fileID: 0}
    - target: {fileID: 4960835197061684, guid: aaf2c3d0dd3161e479b9a73100e3bdbf, type: 3}
      propertyPath: m_LocalEulerAnglesHint.y
      value: 0
      objectReference: {fileID: 0}
    - target: {fileID: 4960835197061684, guid: aaf2c3d0dd3161e479b9a73100e3bdbf, type: 3}
      propertyPath: m_LocalEulerAnglesHint.z
      value: 0
      objectReference: {fileID: 0}
    m_RemovedComponents: []
  m_SourcePrefab: {fileID: 100100000, guid: aaf2c3d0dd3161e479b9a73100e3bdbf, type: 3}
--- !u!1 &8843814055313393711 stripped
GameObject:
  m_CorrespondingSourceObject: {fileID: 1373778854063832, guid: aaf2c3d0dd3161e479b9a73100e3bdbf,
    type: 3}
  m_PrefabInstance: {fileID: 8844906352193529591}
  m_PrefabAsset: {fileID: 0}
--- !u!4 &8840272144482086083 stripped
Transform:
  m_CorrespondingSourceObject: {fileID: 4960835197061684, guid: aaf2c3d0dd3161e479b9a73100e3bdbf,
    type: 3}
  m_PrefabInstance: {fileID: 8844906352193529591}
  m_PrefabAsset: {fileID: 0}
--- !u!1001 &9081296998117208290
PrefabInstance:
  m_ObjectHideFlags: 0
  serializedVersion: 2
  m_Modification:
    m_TransformParent: {fileID: 4367844377547646989}
    m_Modifications:
    - target: {fileID: 1227282385372154, guid: ac9169a15cc27e843b34db0f0316cc53, type: 3}
      propertyPath: m_Name
      value: Sheep
      objectReference: {fileID: 0}
    - target: {fileID: 1227282385372154, guid: ac9169a15cc27e843b34db0f0316cc53, type: 3}
      propertyPath: m_IsActive
      value: 0
      objectReference: {fileID: 0}
    - target: {fileID: 4311403792944626, guid: ac9169a15cc27e843b34db0f0316cc53, type: 3}
      propertyPath: m_LocalPosition.x
      value: 0
      objectReference: {fileID: 0}
    - target: {fileID: 4311403792944626, guid: ac9169a15cc27e843b34db0f0316cc53, type: 3}
      propertyPath: m_LocalPosition.y
      value: 0
      objectReference: {fileID: 0}
    - target: {fileID: 4311403792944626, guid: ac9169a15cc27e843b34db0f0316cc53, type: 3}
      propertyPath: m_LocalPosition.z
      value: 0
      objectReference: {fileID: 0}
    - target: {fileID: 4311403792944626, guid: ac9169a15cc27e843b34db0f0316cc53, type: 3}
      propertyPath: m_LocalRotation.x
      value: 0
      objectReference: {fileID: 0}
    - target: {fileID: 4311403792944626, guid: ac9169a15cc27e843b34db0f0316cc53, type: 3}
      propertyPath: m_LocalRotation.y
      value: 0
      objectReference: {fileID: 0}
    - target: {fileID: 4311403792944626, guid: ac9169a15cc27e843b34db0f0316cc53, type: 3}
      propertyPath: m_LocalRotation.z
      value: 0
      objectReference: {fileID: 0}
    - target: {fileID: 4311403792944626, guid: ac9169a15cc27e843b34db0f0316cc53, type: 3}
      propertyPath: m_LocalRotation.w
      value: 1
      objectReference: {fileID: 0}
    - target: {fileID: 4311403792944626, guid: ac9169a15cc27e843b34db0f0316cc53, type: 3}
      propertyPath: m_RootOrder
      value: 18
      objectReference: {fileID: 0}
    - target: {fileID: 4311403792944626, guid: ac9169a15cc27e843b34db0f0316cc53, type: 3}
      propertyPath: m_LocalEulerAnglesHint.x
      value: 0
      objectReference: {fileID: 0}
    - target: {fileID: 4311403792944626, guid: ac9169a15cc27e843b34db0f0316cc53, type: 3}
      propertyPath: m_LocalEulerAnglesHint.y
      value: 0
      objectReference: {fileID: 0}
    - target: {fileID: 4311403792944626, guid: ac9169a15cc27e843b34db0f0316cc53, type: 3}
      propertyPath: m_LocalEulerAnglesHint.z
      value: 0
      objectReference: {fileID: 0}
    m_RemovedComponents: []
  m_SourcePrefab: {fileID: 100100000, guid: ac9169a15cc27e843b34db0f0316cc53, type: 3}
--- !u!1 &9080210905870267160 stripped
GameObject:
  m_CorrespondingSourceObject: {fileID: 1227282385372154, guid: ac9169a15cc27e843b34db0f0316cc53,
    type: 3}
  m_PrefabInstance: {fileID: 9081296998117208290}
  m_PrefabAsset: {fileID: 0}
--- !u!4 &9081630366407015696 stripped
Transform:
  m_CorrespondingSourceObject: {fileID: 4311403792944626, guid: ac9169a15cc27e843b34db0f0316cc53,
    type: 3}
  m_PrefabInstance: {fileID: 9081296998117208290}
  m_PrefabAsset: {fileID: 0}
